<?xml version="1.0" encoding="utf-8"?>
<record xmlns="http://www.loc.gov/MARC21/slim" xmlns:xsi="http://www.w3.org/2001/XMLSchema-instance" xsi:schemaLocation="http://www.loc.gov/MARC21/slim http://www.loc.gov/standards/marcxml/schema/MARC21slim.xsd">
	<leader>     nam a22     Mi 4500</leader>
	<controlfield tag="001">4972147</controlfield>
	<controlfield tag="003">NNC</controlfield>
	<controlfield tag="006">m        d        </controlfield>
	<controlfield tag="007">cr cn |||m|||a</controlfield>
	<controlfield tag="008">190404s1899    ua      o     000 0 ara d</controlfield>
	<datafield ind1=" " ind2=" " tag="040">
		<subfield code="a">ZYU</subfield>
		<subfield code="b">ara</subfield>
		<subfield code="e">rda</subfield>
		<subfield code="c">ZYU</subfield>
	</datafield>
	<datafield ind1="1" ind2="4" tag="050">
		<subfield code="a">KBP315</subfield>
		<subfield code="b">.K26 1899</subfield>
	</datafield>
	<datafield ind1="1" ind2=" " tag="100">
		<subfield code="6">880-01</subfield>
		<subfield code="a">Kharshī, Muḥammad ibn ʻAbd Allāh,</subfield>
		<subfield code="d">1601 or 1602-1689 or 1690,</subfield>
		<subfield code="e">author.</subfield>
	</datafield>
	<datafield ind1="1" ind2="0" tag="245">
		<subfield code="6">880-02</subfield>
		<subfield code="a">Sharḥ al-muḥaqqiq al-jahbadh al-fāḍil al-mudaqqiq sayidī Abī ʻAbd Allāh Muḥammad al-Kharshī ʻalá al-Mukhtaṣir al-jalīl lil-imām Abī al-Ḍiyāʼ Sayidī Khalīl, raḥimahumā Allāh taʻālá Āmīn. Wa-bi-hāmishihi Ḥāshiyat nādirat zamānihi wa-farīd ʻaṣrihi wa-awānihi al-ʻallāmah al-shaykh ʻAlī al-ʻAdawī, taghammad Allāh al-jamīʻ bi-raḥmatihi wa-askanahum bi-faḍlihi fasīḥa jannatih.</subfield>
	</datafield>
	<datafield ind1=" " ind2=" " tag="250">
		<subfield code="6">880-03</subfield>
		<subfield code="a">al-Ṭabʻah al-thāniyah.</subfield>
	</datafield>
	<datafield ind1=" " ind2="1" tag="264">
		<subfield code="6">880-04</subfield>
		<subfield code="a">Miṣr :</subfield>
		<subfield code="b">al-Maṭbaʻah al-Kubrá al-Amīrīyah bi-Būlāq,</subfield>
		<subfield code="c">1317 [1899 or 1900]</subfield>
	</datafield>
	<datafield ind1=" " ind2=" " tag="300">
		<subfield code="a">online resource (8 volumes in 4.)</subfield>
	</datafield>
	<datafield ind1=" " ind2=" " tag="336">
		<subfield code="a">text</subfield>
		<subfield code="2">rdacontent</subfield>
	</datafield>
	<datafield ind1=" " ind2=" " tag="337">
		<subfield code="a">computer</subfield>
		<subfield code="2">rdamedia</subfield>
	</datafield>
	<datafield ind1=" " ind2=" " tag="338">
		<subfield code="a">online resource</subfield>
		<subfield code="2">rdacarrier</subfield>
	</datafield>
	<datafield ind1=" " ind2=" " tag="500">
		<subfield code="6">880-05</subfield>
		<subfield code="a">Ṭubiʻa ʻalá dhimmat multazimihi al-rājī ghufrān rabbihi al-ḥāj al-Ṭayyib al-Tāzī al-Maghribī.</subfield>
	</datafield>
	<datafield ind1=" " ind2=" " tag="500">
		<subfield code="a">Part of the Arabic Collections Online (ACO) project, contributed by Columbia University Libraries.</subfield>
	</datafield>
	<datafield ind1=" " ind2=" " tag="533">
		<subfield code="a">Electronic reproduction.</subfield>
		<subfield code="b">New York, N.Y. :</subfield>
		<subfield code="c">New York University,</subfield>
		<subfield code="d">2019.</subfield>
		<subfield code="5">NNU</subfield>
	</datafield>
	<datafield ind1=" " ind2=" " tag="588">
		<subfield code="a">Description based on volume 5.</subfield>
	</datafield>
	<datafield ind1="0" ind2="0" tag="600">
		<subfield code="6">880-06</subfield>
		<subfield code="a">Khalīl ibn Isḥāq al-Jundī,</subfield>
		<subfield code="d">-1365?</subfield>
		<subfield code="t">Mukhtaṣar.</subfield>
	</datafield>
	<datafield ind1="0" ind2="7" tag="630">
		<subfield code="a">Mukhtaṣar (Khalīl ibn Isḥāq al-Jundī)</subfield>
		<subfield code="2">fast</subfield>
		<subfield code="0">(OCoLC)fst01363458</subfield>
	</datafield>
	<datafield ind1=" " ind2="0" tag="650">
		<subfield code="a">Islamic law</subfield>
		<subfield code="v">Early works to 1800.</subfield>
	</datafield>
	<datafield ind1=" " ind2="0" tag="650">
		<subfield code="a">Malikites</subfield>
		<subfield code="v">Early works to 1800.</subfield>
	</datafield>
	<datafield ind1=" " ind2="7" tag="650">
		<subfield code="a">Islamic law.</subfield>
		<subfield code="2">fast</subfield>
		<subfield code="0">(OCoLC)fst00979949</subfield>
	</datafield>
	<datafield ind1=" " ind2="7" tag="650">
		<subfield code="a">Malikites.</subfield>
		<subfield code="2">fast</subfield>
		<subfield code="0">(OCoLC)fst01006724</subfield>
	</datafield>
	<datafield ind1=" " ind2="7" tag="655">
		<subfield code="a">Early works.</subfield>
		<subfield code="2">fast</subfield>
		<subfield code="0">(OCoLC)fst01411636</subfield>
	</datafield>
	<datafield ind1="1" ind2=" " tag="700">
		<subfield code="6">880-07</subfield>
		<subfield code="a">Ṣaʻīdī, ʻAlī ibn Aḥmad,</subfield>
		<subfield code="d">1700-1775.</subfield>
		<subfield code="t">Ḥāshiyat al-ʻAdawī.</subfield>
	</datafield>
	<datafield ind1="0" ind2=" " tag="700">
		<subfield code="6">880-08</subfield>
		<subfield code="a">Khalīl ibn Isḥāq al-Jundī,</subfield>
		<subfield code="d">-1365?</subfield>
		<subfield code="t">Mukhtaṣar.</subfield>
	</datafield>
	<datafield ind1="2" ind2=" " tag="710">
		<subfield code="a">Columbia University.</subfield>
		<subfield code="b">Libraries.</subfield>
	</datafield>
	<datafield ind1="0" ind2=" " tag="730">
		<subfield code="a">Arabic Collections Online.</subfield>
	</datafield>
	<datafield ind1="0" ind2="8" tag="776">
		<subfield code="i">Print version:</subfield>
		<subfield code="a">Kharshī, Muḥammad ibn ʻAbd Allāh, 1601 or 1602-1689 or 1690, author.</subfield>
		<subfield code="t">Sharḥ al-muḥaqqiq al-jahbadh al-fāḍil al-mudaqqiq sayidī Abī ʻAbd Allāh Muḥammad al-Kharshī ʻalá al-Mukhtaṣir al-jalīl lil-imām Abī al-Ḍiyāʼ Sayidī Khalīl, raḥimahumā Allāh taʻālá Āmīn. Wa-bi-hāmishihi Ḥāshiyat nādirat zamānihi wa-farīd ʻaṣrihi wa-awānihi al-ʻallāmah al-shaykh ʻAlī al-ʻAdawī, taghammad Allāh al-jamīʻ bi-raḥmatihi wa-askanahum bi-faḍlihi fasīḥa jannatih</subfield>
		<subfield code="w">(NNC)4972147</subfield>
		<subfield code="w">(OCoLC)57209532</subfield>
	</datafield>
	<datafield ind1="4" ind2="0" tag="856">
		<subfield code="u">http://hdl.handle.net/2333.1/rfj6qdfc</subfield>
	</datafield>
	<datafield ind1="1" ind2=" " tag="880">
		<subfield code="6">100-01</subfield>
		<subfield code="a">خرشي، محمد بن عبد الله،</subfield>
		<subfield code="d">1601 أو 1602-1689 أو 1690.</subfield>
	</datafield>
	<datafield ind1="1" ind2="0" tag="880">
		<subfield code="6">245-02</subfield>
		<subfield code="a">شرح المحقق الجهبذ الفاضل المدقق سيدي أبي عبد الله محمد الخرشي على المختصر الجليل للإمام أبي الضياء سيدي خليل، رحمهما الله تعالى آمين. وبهامشه حاشية نادرة زمانه وفريد عصره وأوانه العلامة الشيخ علي العدوي، تغمد الله الجميع برحمته وأسكنهم بفضله فسيح جنته.</subfield>
	</datafield>
	<datafield ind1=" " ind2=" " tag="880">
		<subfield code="6">250-03</subfield>
		<subfield code="a">الطبعة الثانية.</subfield>
	</datafield>
	<datafield ind1=" " ind2="1" tag="880">
		<subfield code="6">264-04</subfield>
		<subfield code="a">مصر :</subfield>
		<subfield code="b">المطبعة الکبرى الأميرية ببولاق،</subfield>
		<subfield code="c">1317 [1899 أو 1900]</subfield>
	</datafield>
	<datafield ind1=" " ind2=" " tag="880">
		<subfield code="6">500-05</subfield>
		<subfield code="a">طبع على ذمة ملتزمه الراجي غفران ربه الحاج الطيب التازي المغربي.</subfield>
	</datafield>
	<datafield ind1="0" ind2="0" tag="880">
		<subfield code="6">600-06</subfield>
		<subfield code="a">خليل بن اسحاق الجندي،</subfield>
		<subfield code="d">- 1365؟</subfield>
		<subfield code="t">مختصر.</subfield>
	</datafield>
	<datafield ind1="1" ind2=" " tag="880">
		<subfield code="6">700-07</subfield>
		<subfield code="a">صعيدي، علي بن أحمد،</subfield>
		<subfield code="d">1700-1775.</subfield>
		<subfield code="t">حاشية العدوي.</subfield>
	</datafield>
	<datafield ind1="0" ind2=" " tag="880">
		<subfield code="6">700-08</subfield>
		<subfield code="a">خليل بن اسحاق الجندي،</subfield>
		<subfield code="d">- 1365؟</subfield>
		<subfield code="t">مختصر.</subfield>
	</datafield>
	<datafield ind1=" " ind2=" " tag="959">
		<subfield code="a">NNU</subfield>
		<subfield code="b">WEB</subfield>
		<subfield code="c">GENI</subfield>
		<subfield code="t">0</subfield>
		<subfield code="m">Electronic access</subfield>
		<subfield code="s">01</subfield>
	</datafield>
	<datafield ind1=" " ind2=" " tag="999">
		<subfield code="i">NNC_4972147</subfield>
		<subfield code="o">(OCoLC)ocm57209532</subfield>
		<subfield code="s">columbia_aco003478:v.1-2</subfield>
		<subfield code="s">columbia_aco003479:v.3-4</subfield>
		<subfield code="s">columbia_aco003480:v.5-6</subfield>
		<subfield code="s">columbia_aco003481:v.7-8</subfield>
		<subfield code="s">columbia_aco003478:v.1-2</subfield>
		<subfield code="s">columbia_aco003479:v.3-4</subfield>
		<subfield code="s">columbia_aco003480:v.5-6</subfield>
		<subfield code="s">columbia_aco003481:v.7-8</subfield>
	</datafield>
</record>
